<?xml version="1.0" encoding="UTF-8"?><collection xmlns="http://www.loc.gov/MARC21/slim"><record><leader>00481nam--2200133-i-4500</leader><controlfield tag="001">000011875</controlfield><controlfield tag="002">20161230</controlfield><controlfield tag="005">20161230201029</controlfield><controlfield tag="008">060222s1000------------r-----000-0-eng-d</controlfield><datafield ind1=" " ind2=" " tag="080"><subfield code="a">621.039.548.533(043)</subfield></datafield><datafield ind1=" " ind2=" " tag="100"><subfield code="a">Aubert, Michel</subfield></datafield><datafield ind1=" " ind2=" " tag="245"><subfield code="a">Etude des reactions combustible (oxyde mixte (upu)o 2-x) gaine (acier inoxydable) dans les reacteurs: influence des composes iodes</subfield></datafield><datafield ind1=" " ind2=" " tag="260"><subfield code="a">Paris, Orsay, L Universite De Paris-sud, Cen- Tre D Orsay, 1974 74 P. + Dif. P</subfield></datafield><datafield ind1=" " ind2=" " tag="852"><subfield code="a">43965</subfield></datafield></record></collection>